@article{Tarjan1977FindingOB,
  title={Finding optimum branchings},
  author={Robert Endre Tarjan},
  journal={Networks},
  year={1977},
  volume={7},
  pages={25-35},
  url={https://api.semanticscholar.org/CorpusID:19447008}
}

@article{Gabow1986/BF02579168,
author = {Gabow, H N and Galil, Z and Spencer, T and Tarjan, R E},
title = {Efficient Algorithms for Finding Minimum Spanning Trees in Undirected and Directed Graphs},
year = {1986},
issue_date = {1986},
publisher = {Springer-Verlag},
address = {Berlin, Heidelberg},
volume = {6},
number = {2},
issn = {0209-9683},
url = {https://doi.org/10.1007/BF02579168},
doi = {10.1007/BF02579168},
journal = {Combinatorica},
month = {jan},
pages = {109–122},
numpages = {14}
}

@article{ Edmonds1967,
    author = {Edmonds, Jack},
    title = {Optimum Branchings},
    journal = {Journal of Research of the National Bureau of Standards Section B},
    volume={71B},
    number={4},
    pages = {233-240},
    year = {1967}
}

@online{geeksforgeeks,
    title={Leftist Tree / Leftist Heap},
    author={GeeksforGeeks},
    year={2023},
    url={https://www.geeksforgeeks.org/leftist-tree-leftist-heap/},
}

@inproceedings{bother2023efficiently,
  title={Efficiently computing directed minimum spanning trees},
  author={Böther, Maximilian and Kißig, Otto and Weyand, Christopher},
  booktitle={2023 Proceedings of the Symposium on Algorithm Engineering and Experiments (ALENEX)},
  pages={86--95},
  year={2023},
}

@ARTICLE{prim/6773228,
  author={Prim, R. C.},
  journal={The Bell System Technical Journal}, 
  title={Shortest connection networks and some generalizations}, 
  year={1957},
  volume={36},
  number={6},
  pages={1389-1401},
  doi={10.1002/j.1538-7305.1957.tb01515.x}
}

@article{kruskal1956shortest,
  title={On the shortest spanning subtree of a graph and the traveling salesman problem},
  author={Kruskal, Joseph B},
  journal={Proceedings of the American Mathematical society},
  volume={7},
  number={1},
  pages={48--50},
  year={1956}
}

@Book{knuth:84,
  author = 	 {Donald E. Knuth},
  title = 	 {The {\TeX} Book},
  publisher = 	 {Addison-Wesley},
  year = 	 {1984},
  edition = 	 {15th}
}

@InCollection{boulic:91,
  author = 	 {R. Boulic and O. Renault},
  title = 	 {3D Hierarchies for Animation},
  booktitle = 	 {New Trends in Animation and Visualization},
  publisher =    {John Wiley {\&} Sons ltd.},
  year = 	 {1991},
  editor = 	 {Nadia Magnenat-Thalmann and Daniel Thalmann}
}

@InCollection{smith:99,
  author = 	 {A. Smith and B. Jones},
  title = 	 {On the Complexity of Computing},
  booktitle = 	 {Advances in Computer Science},
  pages = 	 {555--566},
  publisher =    {Publishing Press},
  year = 	 {1999},
  editor = 	 {A. B. Smith-Jones}
}